@misc{sonar_plugin_tutorial,
    author = {Michael Gumowski},
    title = {Writing Custom Java Rules 101 - Plugins - Doc SonarQube},
    howpublished = {\url {https://docs.sonarqube.org/display/PLUG/Writing+Custom+Java+Rules+101}},
    month = {apr},
    year = {2019},
    note = {Accessed: 15.02.2020},
}

@misc{sonar_java_plugin,
    author = {SonarSource},
    title = {SonarJava: Java static analyzer for SonarQube \& SonarLint},
    howpublished = {\url {https://github.com/SonarSource/sonar-java}},
    note = {Accessed: 15.02.2020},
}

@misc{scalatest,
    author = {Scalatest},
    title = {Scalatest},
    howpublished = {\url {http://www.scalatest.org/}},
    note = {Accessed: 16.02.2020},
}

@Article{kotlin_android_corpus,
    author = "G{\'o}is Mateus, Bruno
and Martinez, Matias",
    title = "An empirical study on quality of Android applications written in Kotlin language",
    journal = "Empirical Software Engineering",
    year = "2019",
    month = "Jun",
    day = "25",
    abstract = "During the last years, developers of mobile applications have the possibility to use new paradigms and tools for developing mobile applications. For instance, since 2017, Android developers have the official support to write Android applications using Kotlin language. Kotlin is programming language fully interoperable with Java that combines object-oriented and functional features.",
    issn = "1573-7616",
    doi = "10.1007/s10664-019-09727-4",
    url = "https://doi.org/10.1007/s10664-019-09727-4"
}

@inproceedings{refactoring-fowler,
    author = {Martin Fowler},
    editor = {Don Wells and
 Laurie A. Williams},
    title = {Refactoring: Improving the Design of Existing Code},
    booktitle = {Extreme Programming and Agile Methods - XP/Agile Universe 2002, Second
 { XP } Universe and First Agile Universe Conference Chicago, IL, USA,
 August 4-7, 2002, Proceedings},
    series = {Lecture Notes in Computer Science},
    volume = {2418},
    pages = {256},
    publisher = {Springer},
    year = {2002},
    url = {https://doi.org/10.1007/3-540-45672-4\_31},
    doi = {10.1007/3-540-45672-4\_31},
    timestamp = {Tue, 14 May 2019 10:00:54 +0200},
    biburl = {https://dblp.org/rec/bib/conf/xpu/Fowler02},
    bibsource = {dblp computer science bibliography, https://dblp.org}
}

@inproceedings{ios_code_smell_paper,
    author = {Kristiina Rahkema and Dietmar Pfahl},
    title = {Empirical Study on Code Smells in iOS Applications},
    booktitle = {MOBILESoft 2020 Technical Papers},
    year = {2020},
}

@misc{visitor_pattern,
    author = "Refactoring Guru",
    title = "Visitor",
    howpublished = {\url {https://refactoring.guru/design-patterns/visitor}},
    note = {Acessed: 01.03.2020},
}

@misc{codecov,
    author = {Codecov},
    title = {Codecov},
    howpublished = {\url {https://codecov.io/}},
    note = {Accessed: 01.03.2020},
}

@misc{gradle,
    author = {Gradle},
    title = {Gradle Build Tool},
    howpublished = {\url {https://gradle.org/}},
    note = {Accessed: 15.03.2020},
}

@misc{maven,
    author = {The Apache Software Foundation},
    title = {Maven},
    howpublished = {\url {https://maven.apache.org/}},
    note = {Accessed: 15.03.2020},
}

@misc{bulk_analyzer,
    author = {Stanislav Mõškovski},
    title = {Sonar Bulk Analyzer},
    howpublished = {\url {https://github.com/Zukkari/sonar-bulk-analyzer}},
    note = {Accessed: 15.03.2020},
}

@misc{sonar_plugin,
    author = {Stanislav Mõškovski},
    title = {Sonar Java Academic Plugin},
    howpublished = {\url {https://github.com/Zukkari/sonar-java-academic-plugin}},
    note = {Accessed: 15.03.2020},
}

@misc{sonar_java_extracted,
    author = {Stanislav Mõškovski},
    title = {Sonar Java extracted},
    howpublished = {\url {https://github.com/Zukkari/sonar-java-extracted}},
    note = {Accessed: 04.04.2020},
}

@inproceedings{mannan2016understanding,
    title = {Understanding code smells in android applications},
    author = {Mannan, Umme Ayda and Ahmed, Iftekhar and Almurshed, Rana Abdullah M and Dig, Danny and Jensen, Carlos},
    booktitle = {2016 IEEE/ACM International Conference on Mobile Software Engineering and Systems (MOBILESoft)},
    pages = {225--236},
    year = {2016},
    organization = {IEEE}
}
