@misc{sonar_plugin_tutorial,
    author = {Michael Gumowski},
    title = {Writing Custom Java Rules 101 - Plugins - Doc SonarQube},
    howpublished = {\url {https://docs.sonarqube.org/display/PLUG/Writing+Custom+Java+Rules+101}},
    month = {apr},
    year = {2019},
    note = {Accessed: 15.02.2020},
}

@misc{sonar_java_plugin,
    author = {SonarSource},
    title = {SonarJava: Java static analyzer for SonarQube & SonarLint},
    howpublished = {url {https://github.com/SonarSource/sonar-java}},
    note = {Accessed: 15.02.2020},
}

@misc{scalatest,
    author = {Scalatest},
    title = {Scalatest},
    howpublished = {url {http://www.scalatest.org/}},
    note = {Accessed: 16.02.2020},
}

@Article{kotlin_android_corpus,
author="G{\'o}is Mateus, Bruno
and Martinez, Matias",
title="An empirical study on quality of Android applications written in Kotlin language",
journal="Empirical Software Engineering",
year="2019",
month="Jun",
day="25",
abstract="During the last years, developers of mobile applications have the possibility to use new paradigms and tools for developing mobile applications. For instance, since 2017, Android developers have the official support to write Android applications using Kotlin language. Kotlin is programming language fully interoperable with Java that combines object-oriented and functional features.",
issn="1573-7616",
doi="10.1007/s10664-019-09727-4",
url="https://doi.org/10.1007/s10664-019-09727-4"
}
